@misc{atupolicies,
  title = {Policies and Regulations},
  author = {Atlantic Technological University},
  year = 2023,
  howpublished = {\\See \url{https://studenthub.atu.ie} for more.}
}

@misc{git,
  title = {Git},
  author = {{S}oftware {F}reedom {C}onservancy},
  year = 2023,
  howpublished = {\\ \url{https://git-scm.com/}}
}

@misc{github,
  title = {Git{H}ub},
  author = {Git{H}ub, Inc.},
  year = 2023,
  howpublished = {\\ \url{https://github.com/}}
}

@misc{golangnewton,
  title = {A Tour of Go},
  year = 2023,
  url = {https://go.dev/tour/flowcontrol/8},
  urldate = {2023-08-18},
  date = {2023-08-18},
  file = {:./references/tour-flowcontrol-8.html:html}
}

@misc{irisdataset,
  title = {{I}ris -- {UCI} {M}achine {L}earning {R}epository},
  year = 2023,
  url = {https://archive.ics.uci.edu/dataset/53/iris},
  urldate = {2023-08-17},
  date = {2023-08-17},
  file = {:./references/dataset-53-iris.html:html}
}

@misc{newtonsqrt,
  title = {Square Roots via Newtonâ€™s Method},
  year = 2015,
  url = {https://math.mit.edu/~stevenj/18.335/newton-sqrt.pdf},
  urldate = {2023-08-18},
  date = {2015-02-04},
  file = {:./references/~stevenj-18.335-newton-sqrt.pdf.html:html}
}

@misc{quantacollatz,
  title = {The Simple Math Problem We Still Can't Solve | Quanta Magazine},
  year = 2020,
  url = {https://www.quantamagazine.org/why-mathematicians-still-cant-solve-the-collatz-conjecture-20200922/},
  urldate = {2023-08-18},
  date = {2020-09-22},
  file = {:./references/why-mathematicians-still-cant-solve-the-collatz-conjecture-20200922-.html:html}
}

@misc{atustudenthub,
  title = {ATU Student Hub},
  year = 2023,
  url = {https://studenthub.atu.ie/},
  urldate = {2023-08-20},
  date = {2023-08-09},
  file = {:./references/.html:html}
}
